<?xml version="1.0" encoding="utf-8"?>
<record xmlns="http://www.loc.gov/MARC21/slim" xmlns:xsi="http://www.w3.org/2001/XMLSchema-instance" xsi:schemaLocation="http://www.loc.gov/MARC21/slim http://www.loc.gov/standards/marcxml/schema/MARC21slim.xsd">
	<leader>     nam a22     Mi 4500</leader>
	<controlfield tag="001">621738</controlfield>
	<controlfield tag="003">NjP</controlfield>
	<controlfield tag="006">m        d        </controlfield>
	<controlfield tag="007">cr cn |||m|||a</controlfield>
	<controlfield tag="008">210405m19369999iq      ob    001 0 arar </controlfield>
	<datafield ind1=" " ind2=" " tag="040">
		<subfield code="a">ZYU</subfield>
		<subfield code="b">ara</subfield>
		<subfield code="e">rda</subfield>
		<subfield code="c">ZYU</subfield>
	</datafield>
	<datafield ind1="0" ind2="0" tag="050">
		<subfield code="a">Z7835.M6</subfield>
		<subfield code="b">A38 1935</subfield>
		<subfield code="a">BP193.3</subfield>
	</datafield>
	<datafield ind1="1" ind2=" " tag="100">
		<subfield code="6">880-01</subfield>
		<subfield code="a">Āghā Buzurg al-Ṭihrānī, Muḥammad Muḥsin,</subfield>
		<subfield code="d">1875-1970.</subfield>
	</datafield>
	<datafield ind1="1" ind2="3" tag="245">
		<subfield code="6">880-02</subfield>
		<subfield code="a">al-Dharīʻah ilá taṣānīf al-Shīʻah /</subfield>
		<subfield code="c">taʼlīf Muḥammad al-shahīr bi-al-Shaykh Āghā Buzurg al-Ṭihrānī.</subfield>
	</datafield>
	<datafield ind1=" " ind2=" " tag="250">
		<subfield code="6">880-03</subfield>
		<subfield code="a">al-Ṭabʻah 1.</subfield>
	</datafield>
	<datafield ind1=" " ind2=" " tag="260">
		<subfield code="6">880-04</subfield>
		<subfield code="a">al-Najaf :</subfield>
		<subfield code="b">Maṭbaʻat al-Gharrī,</subfield>
		<subfield code="c">1936-&lt;1986&gt;</subfield>
	</datafield>
	<datafield ind1=" " ind2=" " tag="300">
		<subfield code="a">online resource (volumes &lt;1-7, 9 parts 1-8, 11-19, 21-22, 24, 26&gt;)</subfield>
	</datafield>
	<datafield ind1=" " ind2=" " tag="336">
		<subfield code="a">text</subfield>
		<subfield code="2">rdacontent</subfield>
	</datafield>
	<datafield ind1=" " ind2=" " tag="337">
		<subfield code="a">computer</subfield>
		<subfield code="2">rdamedia</subfield>
	</datafield>
	<datafield ind1=" " ind2=" " tag="338">
		<subfield code="a">online resource</subfield>
		<subfield code="2">rdacarrier</subfield>
	</datafield>
	<datafield ind1=" " ind2=" " tag="500">
		<subfield code="a">Added t.p.: v. 9, pt. 3: Bibliography of Shiʼite's literary works.</subfield>
	</datafield>
	<datafield ind1=" " ind2=" " tag="500">
		<subfield code="a">Includes indexes.</subfield>
	</datafield>
	<datafield ind1=" " ind2=" " tag="500">
		<subfield code="a">Part of the Arabic Collections Online (ACO) project, contributed by Princeton University Libraries.</subfield>
	</datafield>
	<datafield ind1=" " ind2=" " tag="520">
		<subfield code="a">A comprehensive bibliography of Shīʿī literature, arranged alphabetically under titles of works. With a biographical notice of the author prefixed by Muḥammad ʿAlī al-Gharawī, and a preface by Muḥammad al-Ḥusain Āl Kāshif al-Ghiṭāʼ.</subfield>
	</datafield>
	<datafield ind1=" " ind2=" " tag="533">
		<subfield code="a">Electronic reproduction.</subfield>
		<subfield code="b">New York, N.Y. :</subfield>
		<subfield code="c">New York University,</subfield>
		<subfield code="d">2021.</subfield>
		<subfield code="5">NNU</subfield>
	</datafield>
	<datafield ind1=" " ind2="0" tag="650">
		<subfield code="a">Shīʻah</subfield>
		<subfield code="v">Bibliography.</subfield>
	</datafield>
	<datafield ind1=" " ind2="7" tag="650">
		<subfield code="a">Shīʻah.</subfield>
		<subfield code="2">fast</subfield>
		<subfield code="0">(OCoLC)fst01117946</subfield>
	</datafield>
	<datafield ind1=" " ind2="7" tag="655">
		<subfield code="a">Bibliographies.</subfield>
		<subfield code="2">fast</subfield>
		<subfield code="0">(OCoLC)fst01919895</subfield>
	</datafield>
	<datafield ind1="2" ind2=" " tag="710">
		<subfield code="a">Princeton University.</subfield>
		<subfield code="b">Library.</subfield>
	</datafield>
	<datafield ind1="0" ind2=" " tag="730">
		<subfield code="a">Arabic Collections Online.</subfield>
	</datafield>
	<datafield ind1="0" ind2=" " tag="740">
		<subfield code="a">Bibliography of Shiʼite's literary works.</subfield>
	</datafield>
	<datafield ind1=" " ind2=" " tag="752">
		<subfield code="a">Iraq</subfield>
		<subfield code="d">Najaf.</subfield>
	</datafield>
	<datafield ind1="0" ind2="8" tag="776">
		<subfield code="i">Online version:</subfield>
		<subfield code="a">Āghā Buzurg al-Ṭihrānī, Muḥammad Muḥsin, 1875-1970.</subfield>
		<subfield code="t">Dharīʻah ilá taṣānīf al-Shīʻah, taʼlīf Muḥammad al-shahīr bi-al-Shaykh Āghā Buzurg al-Ṭihrānī.</subfield>
		<subfield code="d">al-Najaf, Maṭbaʻat al-Gharrī, 1936-&lt;1986&gt;</subfield>
		<subfield code="w">(OCoLC)609486425</subfield>
	</datafield>
	<datafield ind1="0" ind2="8" tag="776">
		<subfield code="i">Online version:</subfield>
		<subfield code="a">Āghā Buzurg al-Ṭihrānī, Muḥammad Muḥsin, 1875-1970.</subfield>
		<subfield code="t">Dharīʻah ilá taṣānīf al-Shīʻah, taʼlīf Muḥammad al-shahīr bi-al-Shaykh Āghā Buzurg al-Ṭihrānī.</subfield>
		<subfield code="d">al-Najaf, Maṭbaʻat al-Gharrī, 1936-&lt;1986&gt;</subfield>
		<subfield code="w">(OCoLC)613219705</subfield>
	</datafield>
	<datafield ind1="0" ind2="8" tag="776">
		<subfield code="i">Print version:</subfield>
		<subfield code="a">Āghā Buzurg al-Ṭihrānī, Muḥammad Muḥsin, 1875-1970.</subfield>
		<subfield code="t">al-Dharīʻah ilá taṣānīf al-Shīʻah</subfield>
		<subfield code="w">(NjP)621738</subfield>
		<subfield code="w">(DLC)ne 65001235 </subfield>
		<subfield code="w">(OCoLC)15968565</subfield>
	</datafield>
	<datafield ind1="4" ind2="0" tag="856">
		<subfield code="u">http://hdl.handle.net/2333.1/2bvq8dnp</subfield>
	</datafield>
	<datafield ind1="1" ind2=" " tag="880">
		<subfield code="6">100-01</subfield>
		<subfield code="a">آغا بزرگ الطهراني، محمد محسن،</subfield>
		<subfield code="d">1875-1970.</subfield>
	</datafield>
	<datafield ind1="1" ind2="2" tag="880">
		<subfield code="6">245-02</subfield>
		<subfield code="a">الذريعة إلى تصانيف الشيعة /</subfield>
		<subfield code="c">تأليف محمد محسن آغا بزرگ الطهراني.</subfield>
	</datafield>
	<datafield ind1=" " ind2=" " tag="880">
		<subfield code="6">250-03</subfield>
		<subfield code="a">الطبعة 1.</subfield>
	</datafield>
	<datafield ind1=" " ind2=" " tag="880">
		<subfield code="6">260-04</subfield>
		<subfield code="a">النجف :</subfield>
		<subfield code="b">مطبعة الغري،</subfield>
		<subfield code="c">1936&lt;1986&gt;</subfield>
	</datafield>
	<datafield ind1=" " ind2=" " tag="959">
		<subfield code="a">NNU</subfield>
		<subfield code="b">WEB</subfield>
		<subfield code="c">GENI</subfield>
		<subfield code="t">0</subfield>
		<subfield code="m">Electronic access</subfield>
		<subfield code="s">01</subfield>
	</datafield>
	<datafield ind1=" " ind2=" " tag="999">
		<subfield code="i">NjP_621738</subfield>
		<subfield code="o">(OCoLC)ocm15968565</subfield>
		<subfield code="s">princeton_aco004987:v.1</subfield>
		<subfield code="s">princeton_aco004988:v.2</subfield>
		<subfield code="s">princeton_aco004989:v.3</subfield>
		<subfield code="s">princeton_aco004990:v.4</subfield>
		<subfield code="s">princeton_aco004991:v.5-6</subfield>
		<subfield code="s">princeton_aco004992:v.7</subfield>
		<subfield code="s">princeton_aco004993:v.8</subfield>
		<subfield code="e">(ERROR-880)</subfield>
		<subfield code="s">princeton_aco004987:v.1</subfield>
		<subfield code="s">princeton_aco004988:v.2</subfield>
		<subfield code="s">princeton_aco004989:v.3</subfield>
		<subfield code="s">princeton_aco004990:v.4</subfield>
		<subfield code="s">princeton_aco004991:v.5-6</subfield>
		<subfield code="s">princeton_aco004992:v.7</subfield>
		<subfield code="s">princeton_aco004993:v.8</subfield>
	</datafield>
</record>
